2960 4910
176 457 508 470 mnu—q

278 694 701 828 montrum
750 695 1158 829 Lucrum.

202 1245 331 1312 Comperta
341 1243 405 1312 apud
419 1258 501 1293 omues
517 1251 561 1304 est,
576 1258 620 1294 nec
635 1244 743 1296 encomio
754 1244 853 1312 indiget,
865 1243 948 1296 indicis
959 1244 1073 1312 generalis
1083 1243 1276 1298 utilitasitemo'

170 1309 235 1360 anim
252 1310 329 1361 nescit
343 1309 427 1376 quanti
442 1309 530 1360 fastidii
541 1309 572 1360 sit
586 1319 610 1360 et
625 1310 730 1371 laboris,
749 1311 800 1362 siue
812 1314 864 1378 ejus
875 1312 972 1372 anulio,
985 1312 1137 1379 inquirerem
1149 1315 1270 1390 magnast
1361 1342 1367 1349 ·
1467 1309 1468 1316 '

170 1389 300 1425 numerosa
310 1375 459 1426 voluminum
472 1377 548 1442 mole,
560 1393 589 1426 ea
600 1372 723 1444 quas'scire
734 1378 850 1444 cupimus.
862 1383 890 1429 ln
902 1387 968 1430 tantu
982 1395 1062 1430 rerum
1074 1379 1141 1446 copia
1154 1387 1178 1430 et
1187 1393 1269 1430 rarre-

173 1449 223 1491 tate
238 1440 380 1492 distrahitur
398 1441 494 1494 lectoris
511 1443 624 1504 attentio,
644 1443 744 1494 lassatur
756 1445 847 1494 animus
859 1461 887 1494 ae
900 1445 970 1495 taedio
981 1461 1042 1513 srepe
1058 1445 1171 1507 allicitur,
1186 1453 1211 1496 et
1221 1461 1270 1513 prs

172 1507 252 1574 operis
261 1507 410 1570 difficultate,
423 1507 570 1574 frequentius
580 1509 658 1558 euenit
670 1517 695 1560 ut
704 1509 824 1578 inquirere
835 1511 971 1561 desinamus
979 1528 1032 1576 qun
1041 1520 1147 1568 nostrum
1157 1512 1271 1564 intererat

172 1589 322 1639 cognoscere.
341 1573 385 1624 His
403 1591 459 1640 ergo
479 1575 635 1626 incommodis
655 1591 782 1626 occurrere
799 1577 922 1636 volentes,
941 1577 1043 1627 maxima
1061 1595 1119 1628 cum
1142 1577 1271 1628 doctissimi

171 1640 339 1691 Mauriuenses
353 1640 495 1702 studuerunt
506 1641 555 1691 suis
567 1642 592 1691 in
602 1653 738 1694 sanctorum
751 1649 848 1693 Patrum
860 1642 1003 1694 editionibus
1012 1642 1101 1694 iudices
1114 1653 1193 1694 texere
1201 1643 1270 1694 viro-

171 1721 225 1756 rum
235 1741 243 1769 ,
255 1707 425 1758 sententiarum
441 1716 464 1758 et
480 1724 559 1758 rerum
578 1709 685 1760 omnium
697 1709 888 1760 memorabilium
907 1727 960 1776 quae
972 1709 997 1760 iu
1009 1709 1110 1761 decursu
1124 1709 1271 1760 voluminum

172 1773 324 1840 reperiuntur
342 1783 366 1824 et
381 1781 523 1826 tractantur.
546 1779 596 1825 llos
610 1775 700 1826 indices
716 1777 836 1842 generales
847 1784 872 1827 et
884 1776 1061 1845 alphabeticus,
1077 1777 1188 1844 quisunt
1202 1775 1271 1843 quasi

172 1841 279 1908 synopsis
296 1849 320 1890 et
331 1839 477 1892 breviarium
490 1842 596 1892 omnium
608 1845 649 1894 SS.
662 1847 793 1893 Doctorum
806 1859 905 1911 operum
915 1880 923 1906 ,
935 1843 1015 1894 multis
1026 1841 1142 1910 adjunctis
1156 1843 1182 1894 iu
1191 1853 1271 1894 nostra

172 1905 275 1957 editione
286 1922 359 1970 nora,
376 1917 399 1958 et
416 1907 558 1974 quibusdam
572 1909 603 1975 ad
616 1909 729 1976 majorem
742 1909 922 1960 elucidationem
935 1911 1030 1961 mutatis
1042 1921 1066 1961 et
1079 1911 1163 1972 auctis,
1178 1920 1270 1961 nostros

172 1971 270 2023 ierimus
289 1974 319 2023 sd
331 1990 406 2040 opera
417 1974 491 2025 saneti
508 1974 635 2042 Augustini
648 1976 751 2044 episcopi
767 1977 942 2044 Hipponensis,
952 1978 1027 2028 saneti
1036 1977 1157 2029 Ambrosii
1170 1976 1270 2028 Medio·

172 2037 274 2089 laueusis
292 2039 413 2106 episcopi,
431 2041 507 2090 sancti
525 2041 624 2092 Joanuis
638 2041 800 2109 Chrysostorui
812 2043 984 2111 archiepiscopi
997 2043 1271 2112 Constantinopolitaai,

150 2160 153 2167 ,
172 2105 246 2156 sancti
257 2105 363 2173 Gregorii
374 2106 520 2158 Nazianzeni
529 2107 652 2173 Theologi,
663 2119 765 2176 qnorum
774 2108 880 2160 indicum
888 2127 943 2178 ope,
952 2126 1000 2160 nno
1009 2111 1084 2161 veluti
1093 2111 1192 2173 iutuitu,
1202 2126 1268 2160 sunt·

172 2171 256 2222 metim
266 2173 350 2223 lectori
360 2173 519 2238 subjiciuntur
526 2191 565 2224 res
574 2190 656 2225 omues
669 2184 752 2225 uotnu
761 2175 784 2224 di
817 2175 878 2227 iores
889 2187 961 2244 prout
972 2177 997 2227 in
1008 2177 1170 2228 voluminibus
1180 2191 1270 2228 occur-

171 2246 237 2292 runt.
248 2239 309 2291 Boni
318 2238 390 2306 igitur
401 2241 497 2292 consule
506 2240 622 2308 quidquid
632 2250 668 2292 est
678 2241 778 2310 laboris,
796 2250 863 2293 ector
873 2243 1003 2308 benerole;
1013 2243 1093 2295 iruere
1102 2252 1128 2295 et
1138 2243 1201 2295 vale.

171 2563 252 2614 Nona.
271 2558 341 2612 Prior
354 2574 468 2611 numerus
480 2559 566 2612 litteris
575 2537 690 2612 Romanis
701 2575 832 2628 expressus,
844 2567 935 2610 tumtun
951 2558 1069 2626 designat;
1081 2559 1198 2611 secundus
1211 2553 1273 2613 notis

206 2625 332 2691 Arabicis,
346 2626 474 2695 paginam
486 2628 565 2680 litters
576 2648 608 2692 ν,
620 2627 663 2699 ubi
671 2627 774 2681 occurrit
784 2626 809 2678 in
820 2625 891 2678 tomis
900 2643 936 2676 111
946 2635 971 2677 et
980 2643 1019 2691 rr,
1028 2642 1124 2678 uersum
1132 2626 1231 2680 iudicat.

704 2825 730 2888 A

206 3019 315 3079 aluos,
336 3019 381 3067 Mo
397 3016 428 3066 sis
450 3030 500 3066 non
518 3013 596 3066 minus
617 3014 706 3082 pietate
773 3014 932 3078 Aarou,etii
945 3015 1077 3082 omnesqui
1092 3014 1174 3092 populi
1191 3017 1268 3068 autis-

173 3099 247 3148 quam
262 3097 362 3150 corpore
376 3031 463 3143 ieter,
474 3099 500 3146 1,
515 3085 580 3145 2893
594 3099 632 3146 11,
645 3083 704 3134 462.
740 3079 794 3130 tiles
809 3081 919 3142 luerunt,
931 3096 980 3131 non
992 3080 1043 3131 sine
1059 3080 1180 3132 laboribus
1188 3090 1213 3133 et
1225 3100 1269 3134 su-

173 3149 328 3201 Saccrdotum
343 3149 520 3210 sanctissimus,
539 3167 566 3212 1,
586 3151 645 3201 289.
665 3147 706 3197 Ad
740 3146 838 3198 duribus
847 3147 993 3214 proiectura
1006 3163 1092 3198 munus
1105 3148 1217 3200 obierunt
1227 3187 1233 3212 ,
1245 3169 1267 3217 1,

174 3215 323 3266 uocationem
331 3224 464 3282 promptus,
478 3215 534 3282 quia
543 3215 649 3268 vocantis
660 3230 705 3280 ope
740 3217 781 3264 st.
803 3217 886 3264 Aaron
904 3214 1033 3265 seeundum
1055 3217 1157 3281 Moysen
1181 3217 1269 3284 primas

174 3279 705 3346 mandebas,thiasaanoniuereosqoi
739 3279 803 3346 apud
815 3283 893 3330 Deum
904 3280 1012 3344 obtinet,
1023 3281 1085 3332 ibid.
1104 3284 1145 3333 71.
1162 3285 1213 3333 Nec
1229 3291 1269 3334 ta-

173 3347 204 3399 ad
221 3357 326 3400 montem
342 3349 411 3400 acciti
428 3358 514 3412 eraut,
530 3366 580 3415 quo
598 3357 705 3414 tempore
739 3361 795 3396 rnen
806 3345 860 3396 filiis
868 3347 940 3396 saluti
950 3363 1000 3398 esse
1012 3355 1099 3415 potest,
1110 3347 1173 3400 ibid.

175 3417 281 3464 DeusM
312 3415 333 3464 si
344 3415 458 3466 miracula
472 3415 646 3478 edebat‚ibid.
661 3419 703 3466 71.
772 3415 854 3464 Aaron
865 3423 888 3464 ct
896 3418 951 3464 Hur
961 3413 1052 3482 Moysis
1061 3429 1144 3464 manus
1153 3414 1178 3464 in
1187 3425 1268 3467 moute

172 3483 285 3532 Assone
320 3489 425 3530 montem
442 3482 547 3544 accitur,
564 3481 624 3534 ibid.
644 3483 702 3534 153.
738 3477 893 3540 suffulciunt,
906 3497 940 3541 11,
952 3485 1011 3534 1197.
1023 3483 1105 3530 Aaron
1115 3480 1191 3544 alter,
1204 3486 1269 3533 Gre-

172 3549 247 3598 Extra
256 3545 346 3597 nubem
354 3556 379 3598 et
388 3546 412 3596 in
423 3547 563 3614 propinquo,
574 3549 630 3597 dum
640 3551 704 3596 Deus
737 3545 816 3610 gorius
825 3546 917 3607 senior,
938 3565 965 3608 1,
984 3551 1043 3602 238.
1061 3551 1122 3598 Item
1141 3549 1269 3614 Gregorius

173 3613 254 3680 Moysi
264 3613 413 3680 loqueretur,
428 3631 462 3676 11,
474 3619 530 3667 181.
738 3615 867 3678 Nyssenus,
886 3612 948 3665 ibid.
968 3617 1026 3667 29⁰·
1049 3613 1149 3665 Aamnis
1169 3615 1269 3667 seruulus

208 3683 289 3731 Aaron
301 3679 442 3746 perillustris
457 3680 502 3742 vir,
514 3695 568 3730 cum
581 3677 635 3728 tiliis
645 3677 702 3741 suis,
737 3678 837 3732 Basilius
848 3683 960 3744 Magnus,
971 3697 1007 3744 ιι,
1015 3685 1073 3734 461.

174 3747 299 3798 sacerdotii
314 3747 367 3797 oleo
383 3746 516 3811 delibutus,
530 3764 555 3808 ι,
572 3750 630 3798 29¹1.
648 3748 702 3794 Uu-
770 3748 852 3795 Aaron
863 3749 1200 3812 magnus,1v,285,v·6·t8.
1216 3748 1268 3795 Aa·

205 3821 287 3862 autum
296 3814 321 3862 iu
331 3816 435 3863 Ausonis
445 3822 515 3879 caput
525 3812 638 3878 usquead
647 3810 703 3861 bar·
718 3835 721 3840 ¹
737 3827 782 3861 ron
795 3811 870 3863 tidelis
880 3813 998 3874 sacerdos,
1010 3814 1073 3865 zbid.
1089 3815 1149 3872 tat,
1163 3827 1194 3861 v.
1209 3815 1268 3865 sto.

149 3929 153 3937 ,
173 3829 229 3932 ΕΜ
242 3887 266 3928 et
280 3889 367 3930 restem
377 3879 469 3940 defluit,
483 3879 545 3932 ibid.
560 3885 639 3929 Aaron
650 3877 703 3944 pri·
736 3881 839 3930 Aaronis
849 3880 1014 3938 mansuetudo,
1026 3877 1087 3930 idid.
1101 3880 1150 3936 80,
1168 3893 1195 3926 υ.
1207 3881 1268 3942 188,

81 3973 85 3979 ·
174 3960 316 3995 museorutn
326 3945 367 4011 qui
378 3963 391 3995 a
403 3948 489 4011 Moyse
501 3943 628 3995 consecrati
638 3953 702 4006 sunt,
738 3954 783 3994 ete.
804 3944 907 3994 Aaronis
928 3946 992 4008 virga
1001 3977 1009 4003 ,
1026 3957 1078 4006 quse
1095 3941 1222 4003 floruerat,
1240 3943 1266 3996 iu

175 4027 215 4072 ιι,
228 4016 286 4064 181.
302 4012 384 4076 Magni
396 4011 459 4061 illius
471 4021 494 4060 et
510 4012 651 4062 sacrosancti
660 4021 702 4061 ta·
738 4011 947 4069 arcaservubatur,
959 4025 1003 4065 ιιι,
1013 4013 1053 4057 11.
1066 4011 1133 4058 Mors
1142 4009 1192 4075 ejus
1200 4010 1265 4062 titio.

174 4075 294 4128 bernaculi
308 4088 402 4144 mystes,
418 4095 450 4140 ιι,
461 4082 518 4131 tna.
737 4079 960 4139 rutn,1v,296‚v.
974 4077 1032 4134 tat,
1045 4081 1090 4122 cte.
1119 4131 1126 4144 .

1111 4165 1124 4210 l
