3006 4922
370 466 401 508 ru
422 465 519 510 orsum
538 421 643 510 banaa
665 464 691 508 s.
716 461 863 510 onnoonu
885 465 1052 511 nunonem.
1220 451 1258 512 33

165 560 228 614 ibid.
243 563 301 614 336.
321 563 391 610 Patre
408 560 457 611 rita
470 561 565 624 iuncto,
582 559 695 612 sotumi-
762 563 890 628 Gregorius
899 562 930 611 ab
936 560 1077 612 adversariis
1084 561 1184 614 exomni
1192 572 1260 630 parte

117 685 119 689 y
166 643 221 676 nem
243 642 271 677 ac
290 626 409 678 &lentium
428 627 533 695 expetit3
553 627 641 697 quibus
665 628 695 678 de
729 635 844 690 tentatus,
857 634 944 690 11,39.
958 631 1036 678 Unam
1047 627 1109 679 hanc
1120 629 1258 695 sapientiam

165 693 259 757 causis,
272 693 334 746 ibid.
354 699 412 748 438.
427 697 565 746 Sermonem
579 695 652 746 hahet
664 695 695 744 ad
728 694 823 745 rescire
831 695 966 762 prolitatur,
974 694 1059 762 quein
1066 695 1152 746 timore
1161 697 1206 746 Dei
1216 697 1259 746 sita

164 759 289 812 bulianum
307 759 408 812 amicum
419 799 426 827 ,
439 760 535 812 tributis
548 761 696 829 anquandis
729 769 773 820 est,
793 761 856 813 ibid.
875 767 930 828 Ipsa
949 777 994 827 pau
1040 769 1088 812 tate
1105 761 1182 824 dives,
1196 763 1257 814 ibid.

165 825 280 878 Nazianzi
291 827 439 905 praelectum,
451 844 535 895 quare,
547 828 610 882 ibid.
730 832 854 894 Nusquam
865 829 930 889 exul,
943 778 1146 879 ibicie'ihronum
1167 828 1259 896 episco-

199 899 326 960 Gregonus
336 895 420 962 dignus
440 895 542 946 habetur
552 894 595 962 qui
611 895 696 946 Trini·
730 895 808 963 palam
817 903 961 961 promptoet
969 893 1039 945 hilari
1049 893 1128 945 animo
1137 911 1259 960 nunquam

166 961 221 1012 tatis
237 961 315 1012 cultor
334 975 362 1012 ac
380 962 577 1028 sinceras'praon
590 961 648 1023 liat,
668 977 695 1025 a,
731 961 1119 1021 seconscendissedeclarat,ibid.
1130 966 1260 1014 lleecu-

166 1031 223 1080 633.
240 1031 275 1079 Eo
288 1027 369 1079 animo
379 1028 607 1095 Coustmtinopolim
619 1027 695 1095 petit,
730 1027 777 1078 niis
787 1026 885 1094 spoliari
894 1043 944 1078 non
953 1037 1056 1094 poterat,
1066 1044 1121 1079 cum
1134 1029 1209 1080 nullas
1217 1029 1260 1078 ha·

165 1103 192 1144 nt
206 1094 333 1146 Catholicis
351 1111 511 1146 aerumnarum
523 1096 600 1144 socius
618 1103 691 1155 esset,
730 1095 807 1156 heret,
819 1093 881 1146 ibid.
892 1098 934 1146 43.
945 1095 1043 1146 Amicos
1058 1111 1122 1156 suos,
1141 1097 1261 1162 parcendo

166 1177 200 1221 rr,
211 1165 254 1213 33.
271 1164 328 1212 Non
336 1171 434 1228 sponte,
445 1160 487 1211 sed
496 1159 587 1222 invite,
598 1159 696 1211 anima-
729 1161 885 1228 potiusquam
891 1160 1037 1228 accipiendo,
1043 1172 1192 1228 gravaverat.
1199 1163 1259 1214 ibid.

92 1233 96 1242 '
165 1243 219 1276 rum
236 1227 341 1294 regimen
361 1227 475 1294 suscipit,
491 1225 553 1278 ibid.
569 1230 626 1280 337.
641 1229 695 1292 Qua
729 1231 776 1278 Eos
796 1237 874 1278 tamen
892 1227 1021 1294 experitur,
1042 1228 1101 1278 alios
1120 1228 1260 1289 contrarios,

167 1293 263 1342 lenitate
278 1308 307 1354 ac
318 1291 432 1341 modestis
448 1293 520 1342 luerit
535 1307 589 1341 cum
601 1292 697 1344 Arianis
730 1294 788 1344 alios
797 1310 812 1344 a
821 1295 890 1359 longe
899 1302 996 1352 stantes,
1006 1295 1068 1345 ibid.
1076 1294 1143 1344 solus
1154 1295 1260 1356 relictus,

167 1357 441 1425 Comtantinopclitanis,
448 1357 511 1410 ibid.
523 1359 579 1424 Ejus
589 1374 697 1409 mansue-
730 1369 865 1420 constanter
874 1359 954 1410 omnia
964 1361 1063 1422 tolerat3
1073 1375 1113 1409 eos
1123 1369 1215 1410 tanturn
1226 1363 1261 1410 lu·

167 1424 225 1474 tudo
246 1437 290 1502 pro
313 1422 415 1475 amentis
436 1423 556 1484 habetur,
581 1425 646 1476 ibid.
667 1425 698 1475 Id
731 1443 786 1492 gens
804 1425 846 1492 qui
863 1425 909 1474 sihi
922 1426 1015 1475 molesti
1027 1425 1129 1486 inerant,
1140 1427 1202 1476 ibid.
1218 1433 1259 1478 43.

166 1488 256 1542 Christi
266 1489 412 1558 passionibus
424 1500 449 1540 et
459 1490 586 1556 ignominia
599 1491 697 1542 minoris
732 1496 820 1543 Parum
833 1491 900 1542 abest
908 1491 966 1556 quin
978 1498 1062 1543 Petrus
1071 1507 1126 1542 eum
1143 1491 1241 1556 abneget
1253 1528 1260 1552 ‚

166 1555 248 1620 ducit,
272 1557 335 1610 ibid.
355 1561 413 1610 208.
433 1557 638 1624 Constantinopoli
655 1573 698 1608 te-
731 1558 793 1611 ibid.
805 1562 848 1610 43.
859 1562 943 1608 Petrus
954 1558 1003 1618 ille,
1013 1558 1076 1624 quis,
1085 1557 1147 1610 ibid.

166 1631 249 1689 ceptus
263 1623 290 1674 in
301 1624 373 1674 domo
384 1623 424 1692 pia
435 1626 663 1690 consanguineorum
673 1633 697 1675 at
765 1624 902 1690 Gregorius,
911 1625 1015 1674 clamans
1024 1625 1107 1674 licetet
1119 1624 1260 1683 lamentans,

166 1689 307 1752 amicorum,
318 1691 382 1757 apud
390 1707 449 1756 quos
459 1691 575 1742 Catholici
586 1692 617 1741 ab
625 1691 697 1743 Aria-
731 1691 756 1741 in
763 1691 1029 1742 archisacerdotaliserle
1036 1689 1263 1741 acivibusCoustau-

166 1755 202 1805 nis
214 1756 292 1808 vexati
302 1757 488 1820 conveniebant,
499 1757 561 1808 ibid.
578 1762 620 1809 43.
637 1756 698 1808 lixi-
732 1757 1096 1828 tinopolitauiscollocatur,11,
1116 1761 1174 1810 330.
1193 1761 1262 1807 burro

182 1839 238 1873 uum
264 1823 441 1876 catholicorum
470 1839 564 1890 gregem
592 1823 698 1892 impense
732 1825 834 1886 circiter,
846 1842 868 1885 1,
880 1830 938 1876 457.

176 1889 261 1948 audet,
283 1900 308 1940 et
326 1905 340 1940 a
358 1890 502 1942 detractione
520 1899 615 1954 tuetur,
633 1891 695 1944 ibid.
766 1891 893 1958 Gregorius
905 1891 1016 1940 ultimum
1027 1891 1080 1940 eale
1096 1889 1202 1940 dicturus
1215 1890 1261 1939 ad-

166 1958 225 2008 303.
241 1957 368 2006 Parvulam
381 1973 464 2007 eorum
477 1957 607 2007 Ecclesiam
623 1957 697 2008 latio·
733 1957 911 2008 ministrationis
926 1974 974 2008 sure
983 1955 1098 2008 rationem
1110 1957 1209 2007 reddero
1219 1993 1226 2017 ,
1238 1967 1263 2007 et

167 2037 218 2072 rem
227 2037 253 2072 se
263 2021 367 2072 visurum
375 2022 504 2072 certissime
514 2023 628 2089 praedicit,
636 2025 697 2076 ibid.
714 2043 715 2047 ¹
732 2025 874 2090 collegarum
891 2023 1006 2090 judicium
1023 2024 1103 2074 subire
1114 2033 1223 2090 paratum
1237 2041 1262 2074 se

167 2088 301 2140 Catholicos
318 2105 346 2156 eo
359 2089 430 2140 modo
442 2101 498 2156 erga
506 2105 532 2138 se
543 2089 640 2140 allectos
653 2107 697 2140 ex·
733 2091 845 2154 ostendit,
863 2108 897 2157 11,
909 2096 967 2144 364.
982 2091 1079 2155 Regiam
1090 2091 1210 2142 civitatem
1220 2108 1262 2140 su-

168 2155 411 2222 periturquoierrum
420 2171 475 2234 erga
485 2156 696 2223 magnetem,s'brd.
733 2156 943 2212 lutileradoctrina
951 2155 1067 2206 imbutam
1077 2157 1169 2207 concilii
1185 2157 1261 2222 patri-

168 2225 228 2274 338.
247 2227 307 2288 Qua
327 2223 388 2274 tanti
406 2221 518 2274 desiderii
536 2238 621 2286 causa,
636 2222 697 2274 ibid.
733 2222 867 2282 busollert,
878 2221 940 2274 ibid.
952 2223 1262 2289 albeonstantinopolita-

167 2291 227 2341 330.
734 2306 789 2339 nam
799 2288 935 2340 cathedram
945 2305 971 2340 se
981 2304 1030 2339 nou
1040 2289 1162 2340 allectasse
1179 2289 1262 2338 multi-

201 2353 331 2421 Gregoriua
346 2372 396 2405 non
414 2370 504 2406 norum
521 2355 610 2406 iontem
631 2356 699 2406 Con·
735 2356 791 2422 plici
807 2356 898 2405 ratione
916 2354 1071 2414 demonstrat,
1092 2357 1153 2406 ibid.
1172 2360 1220 2407 333
1238 2369 1263 2408 et

168 2421 381 2488 stantinopolitanis
408 2421 493 2488 rupit,
520 2421 562 2470 sed
590 2419 698 2471 abditum
733 2441 807 2496 seqq.
819 2421 882 2471 Huic
893 2419 1011 2480 Ecclesia,
1022 2429 1049 2468 nt
1058 2420 1134 2468 vidire
1147 2430 1210 2470 tutor
1222 2433 1262 2470 ct-

167 2489 251 2551 illum,
264 2503 336 2556 quem
349 2486 434 2540 Ariani
447 2487 627 2549 obstruxerant,
638 2503 699 2554 ape·
733 2497 892 2552 quecurator‚
903 2501 972 2550 opem
983 2486 1045 2535 ierre
1053 2493 1145 2534 tantum
1154 2485 1263 2536 intende·

168 2555 226 2619 ruit,
241 2573 276 2624 11,
290 2559 349 2610 333.
367 2557 419 2607 Nec
432 2554 564 2620 jucundum
579 2569 623 2604 nec
632 2553 700 2604 lace-
733 2563 779 2614 rat,
790 2554 851 2606 ibid.
861 2557 919 2604 334.

168 2630 220 2672 tum
233 2638 258 2672 se
270 2621 388 2690 prebuit,
399 2621 507 2672 sedeam
519 2619 544 2670 in
561 2636 632 2687 quem
644 2635 700 2671 mo-
766 2621 893 2686 Gregorius
903 2634 986 2668 verum
997 2615 1141 2684 minimeque
1151 2617 1263 2668 adulteri·

169 2688 271 2739 rositatis
281 2689 361 2755 potius
371 2698 395 2740 et
409 2687 546 2739 rusticitatis
555 2703 626 2754 quam
636 2687 701 2737 adu·
733 2703 790 2737 num
810 2685 967 2737 sacerdotium
986 2684 1123 2747 custodivit,
1151 2702 1183 2744 rr,
1204 2691 1262 2736 381.

168 2754 263 2806 lationis
273 2754 306 2805 'e't
318 2754 409 2806 servilis
429 2754 502 2805 animi
515 2764 572 2805 nota
591 2754 700 2815 caderet,
732 2757 906 2820 Imperatorum
919 2753 984 2803 aulas
995 2753 1087 2803 calcare
1097 2767 1144 2800 non
1154 2752 1263 2818 appetiit,

168 2820 231 2873 ibid.
248 2825 307 2874 360.
322 2821 394 2888 Quod
412 2819 569 2888 philosophie
581 2837 654 2888 genus
672 2835 701 2871 ea
732 2821 795 2872 ibid.
809 2825 855 2870 Pro
872 2820 959 2870 laboris
973 2818 1083 2868 mercede
1094 2817 1219 2868 secedendi
1231 2818 1264 2866 li-

169 2886 195 2936 in
205 2887 265 2938 urhe
274 2888 372 2949 coleret,
383 2887 446 2942 ibid.
459 2891 562 2954 Gregem
572 2903 642 2942 auum
652 2902 702 2938 sea·
733 2887 835 2938 centiam
847 2886 915 2953 petit,
925 2885 987 2938 ibid.
997 2883 1094 2936 Fastidii
1104 2901 1132 2934 ac
1140 2883 1264 2934 lassitudi-

169 2954 279 3006 monihns
290 2954 349 3006 iorit
356 2993 364 3020 ,
380 2972 428 3008 non
445 2965 534 3006 temere
541 2955 646 3023 jactatis,
659 2953 701 3006 secl
733 2954 769 3004 nis
780 2955 831 3020 eius
843 2969 918 3004 causa
925 2969 933 3016 ;
946 2951 1034 3019 prima,
1047 2967 1132 3018 corpus
1146 2959 1263 3018 tempore,

168 3035 228 3086 quos
238 3021 375 3073 lectissimos
385 3021 702 3085 habuit;nonmeretricio·
733 3021 818 3072 morbo
835 3037 863 3071 ac
880 3019 962 3069 labore
978 3018 1127 3080 conlectum3
1149 3017 1263 3077 secunda,

169 3103 240 3149 rum,
261 3097 288 3138 nt
307 3104 322 3139 a
339 3090 443 3154 quodam
461 3089 641 3156 perhibebatur,
659 3088 702 3140 secl
733 3087 890 3139 mansuetudo
900 3085 946 3136 sibi
957 3086 1027 3136 totiei
1039 3085 1063 3134 in
1077 3083 1166 3135 crimen
1178 3100 1262 3144 versa3

169 3166 277 3270 nr.
812 3221 1215 3270 ...2

169 3286 232 3338 anat.-
248 3237 701 3351 1i’ri..c,.i⁰.a...⁰.iii²iiii.'
733 3237 860 3338 liiii.
876 3302 901 3336 a.
917 3234 1040 3347 rasati?
1048 3254 1118 3336 ui
1130 3235 1189 3350 sis,
1204 3234 1262 3336 aii.

169 3351 246 3405 meliis
254 3363 297 3406 s'ut
308 3353 422 3406 conviciis
433 3369 482 3404 nou
494 3353 628 3418 incesseret,
638 3353 700 3406 ibid.
733 3352 826 3420 quinta,
837 3353 923 3403 Oriens
935 3361 959 3401 et
976 3351 1102 3414 Occidens,
1119 3349 1263 3403 antiocheni

170 3418 237 3470 Pacis
251 3421 285 3472 ita
301 3422 434 3482 studiosus,
445 3429 473 3470 ut
485 3419 545 3470 nibil
561 3421 591 3471 de
602 3421 703 3472 veritate
733 3419 865 3470 schismatis
881 3417 1015 3481 occasione,
1032 3418 1111 3482 divisi,
1127 3417 1189 3468 ibid.
1204 3422 1262 3469 383.

170 3487 310 3550 relaxaret,
333 3487 395 3540 ibid.
419 3491 477 3540 376.
501 3489 649 3554 Gregorius,
675 3496 702 3539 ut
734 3484 1014 3538 PacisinterGathcliccs
1024 3481 1263 3558 Antiochencsinita

169 3557 293 3618 ioannes,
303 3554 406 3606 efficitur
424 3571 468 3606 vox
478 3553 601 3606 clamantis
616 3555 642 3605 in
654 3554 701 3605 de-
733 3565 870 3619 sponsorem
878 3569 904 3604 se
913 3552 1057 3619 prebuerat,
1068 3568 1090 3611 1,
1101 3555 1158 3602 316.
1167 3553 1263 3599 Music·

170 3629 249 3683 serto,
262 3621 325 3674 ibid.
336 3626 395 3676 344.
408 3627 508 3674 Deserto
518 3621 583 3689 prius
595 3623 663 3682 loco,
677 3631 703 3673 et
733 3621 769 3670 nis
786 3620 892 3670 libellum
911 3620 980 3686 petit,
997 3635 1032 3679 11,
1049 3619 1262 3680 stampensium

171 3687 275 3738 siccitate
294 3689 431 3754 laboranti,
450 3705 514 3740 nunc
534 3699 613 3740 autem
632 3689 702 3740 valde
734 3688 786 3739 vale
798 3687 907 3738 Ecclesia
918 3681 1182 3748 constantinopolitana.
1195 3679 1263 3742 dicit,

171 3752 297 3810 habitabili
315 3768 340 3810 et
355 3759 483 3826 lrequenti,
500 3757 562 3810 ibid.
574 3755 702 3824 lapidibus
733 3755 794 3808 ibid.
807 3753 939 3820 Etsilingua
948 3753 1059 3812 sileat,ae
1068 3757 1147 3797 tamen
1161 3761 1231 3794 mmm
1239 3755 1263 3794 et

172 3828 291 3944 appetittalta
307 3828 331 3906 in
342 3828 400 3944 mie
410 3827 490 3944 regia,
503 3827 553 3892 pati
566 3824 701 3944 ponldgtpil-
733 3831 864 3941 abtrgmgggo
875 3820 1142 3937 pggnfflssiggssiiigm
1149 3812 1262 3929 gpffitlp'tfi

171 3904 335 4012 ildriiirlcibisi
345 3909 575 4028 siuepiriiisiiliiiiiis
584 3909 701 4010 ¹iolisriraii
732 3910 996 4032 iisticric'ccntecms,
1010 3921 1070 4000 ibid
1087 3919 1145 3998 sen'.
1162 3945 1201 3996 Ab
1213 3944 1263 4010 ipsu

170 4026 499 4146 3333333
513 4023 700 4095 3333
732 4017 1263 4140 tntillumuirtutum

180 4107 481 4155 resanmamenum,rs.
774 4105 795 4139 cr
963 4115 970 4142 2
1046 4118 1053 4132 ·
1119 4113 1124 4126 ·
1246 4115 1248 4119 v
