3006 4922
367 439 397 482 rr
418 437 514 484 ouum
536 437 863 508 ermessendem
884 437 1049 502 renonem.
1197 425 1278 508 111Ι

163 534 232 586 Alius
243 551 272 586 eo
282 535 373 598 mitior,
382 535 445 588 ibid.
459 536 521 602 Ignis
534 536 615 602 aelerni
625 535 691 604 bap·
760 541 842 604 Imago
867 535 948 588 dirime
973 536 1092 604 quomedo
1120 536 1258 606 incorrupta

162 601 242 663 lisura,
255 597 317 653 rtid.
330 605 389 654 999.
401 607 478 652 Deum
490 611 602 668 tanquam
614 601 691 668 ignem
726 613 838 667 maneat,
852 621 890 664 ιι,
904 609 963 667 395,
981 622 1085 664 car-mera
1097 605 1173 665 m,
1193 625 1223 656 υ.
1242 611 1256 660 1

163 668 238 734 videt,
252 667 395 788 qpi'eumut
411 670 486 720 lucem
498 669 691 736 minimecogno-
727 687 752 724 et
768 689 840 742 seqq.
864 671 944 736 Imago
966 668 1010 719 Dei
1031 679 1067 720 eat
1088 666 1172 735 inemo,
1193 671 1258 729 itm·

163 734 208 796 Vil,
223 739 271 796 152
307 771 313 784 .
439 774 444 782 -
726 740 889 798 486,v.52·
1309 748 1313 756 ¹

197 802 274 866 Ignis,
289 801 372 852 urendi
388 801 435 851 rim
450 801 540 852 habens
556 811 581 851 et
597 815 691 852 tursum
761 805 896 853 Ῑιιιιιιιο.
910 799 995 854 Probis
1007 801 1064 851 viris
1081 819 1129 851 non
1148 804 1257 870 exiguam

164 869 309 934 tenderent
319 877 414 928 natura,
428 883 466 930 ιν,
476 871 535 930 116,
547 889 578 921 v.
595 872 635 920 lt.
646 873 692 919 Per
727 870 822 920 laudem
839 870 910 920 affert
928 885 1075 920 summorum
1093 869 1199 921 virorum
1220 871 1257 922 rel

163 933 240 999 ignem
249 933 422 1001 &mandem
434 933 692 1000 hamanmjudieabuu·
727 953 799 1006 parva
812 935 922 998 imitatio,
933 953 967 998 ιι,
981 940 1041 990 164.

164 1009 211 1062 tur,
224 1018 269 1058 111,
278 1002 404 1068 1³5.Ignis
415 1002 512 1064 imbres,
520 1000 582 1054 ibid.
593 1007 651 1062 414,
660 1021 690 1054 υ.
761 1004 922 1053 lusissemus
936 1001 998 1064 Dei,
1009 999 1101 1054 ratione
1112 1001 1223 1073 principii
1235 1013 1259 1054 et

163 1068 692 1134 rsa.rgu?sseteredttgeaeerrere‚1v,ra5,
727 1069 780 1119 finis
789 1068 967 1130 consideranda,
984 1086 1017 1135 11,
1029 1071 1088 1122 861.
1169 1109 1172 1114 -
1251 1119 1255 1124 .

161 1133 692 1200 esmatgetsvieinns,prmtmednmutaes
762 1139 911 1186 lurraaron
934 1135 1042 1186 subditus
1064 1133 1113 1188 suis
1130 1153 1158 1186 se
1171 1140 1258 1190 ,Deum

161 1205 200 1249 esti
206 1199 291 1262 infida,
301 1201 362 1251 istd.
373 1205 433 1260 883,
445 1219 476 1251 υ.
488 1205 548 1262 M,
560 1205 618 1253 1116.
629 1200 693 1264 Ignis
728 1201 843 1270 praebeat,
855 1217 886 1263 ιι,
901 1205 959 1255 938.
971 1201 1027 1252 Atia
1038 1201 1185 1267 ejusoifieia,
1195 1203 1260 1258 ibid.

162 1267 354 1333 propestipulena
360 1281 410 1315 non
419 1274 551 1329 esttrtem,
561 1267 622 1318 idr'd.
633 1272 692 1330 561,
729 1271 795 1317 Inter
805 1277 935 1334 postremos
948 1268 1010 1336 apud
1024 1273 1101 1318 Deam
1114 1270 1203 1320 censeri
1218 1287 1259 1322 sa-

161 1336 332 1392 cerrimum,
341 1352 373 1383 vs
383 1339 410 1384 1.·
729 1335 782 1386 tius
792 1343 828 1384 est
839 1343 863 1383 et
876 1333 1000 1386 sublimius
1016 1350 1088 1398 quam
1100 1333 1164 1400 arrad
1179 1345 1259 1386 terre-

197 1401 355 1448 loaoraarru
368 1398 497 1464 plurimum
512 1399 574 1448 ualet
583 1399 617 1450 ed
628 1399 692 1450 lidu-
728 1416 786 1450 rrum
795 1400 961 1466 imperatorem
975 1399 1062 1466 primas
1074 1399 1150 1460 ferre,
1161 1418 1186 1461 1,
1199 1405 1259 1453 ata.

164 1463 242 1530 niara,
258 1483 303 1526 ar,
321 1468 388 1526 249,
405 1485 437 1516 v.
461 1469 535 1520 tstr.
558 1465 694 1530 Ignorantia
729 1469 888 1533 Imperatores
914 1465 945 1514 ab
974 1465 1069 1516 Arianis
1091 1465 1260 1520 contumeliose
1300 1493 1305 1504 ·

164 1529 242 1580 minus
260 1533 349 1582 netum
368 1546 440 1596 quam
458 1531 612 1598 improlitm,
631 1533 695 1584 deti.
728 1532 812 1600 spreti,
823 1537 924 1594 mass.
933 1531 1036 1581 Publicis
1046 1532 1201 1596 statuis-apud
1211 1538 1261 1584 Ro·
1340 1563 1346 1572 ·

162 1599 223 1656 818,
236 1618 266 1650 ν.
276 1603 343 1659 880,
355 1607 401 1648 etc„
729 1615 812 1648 manos
822 1595 909 1655 ornati.
921 1615 943 1659 1,
958 1601 1141 1662 traorensem
1153 1597 1190 1648 his
1200 1599 1259 1648 ima-

199 1665 336 1730 lgnomutie
353 1665 384 1715 ad
400 1663 552 1732 praelatorum
569 1665 694 1730 purgatio·
728 1665 823 1730 ginibus
839 1663 993 1732 imperatores
1005 1663 1101 1732 appingi
1112 1665 1259 1730 gauderent,

163 1747 218 1784 nen
230 1730 382 1792 nonsullieit,
391 1731 445 1782 siin
454 1730 620 1782 hereticorum
629 1731 694 1781 irau-
729 1733 790 1784 ibid.
810 1737 956 1800 Imperatore
971 1729 1093 1796 indignum
1113 1741 1148 1782 est
1162 1741 1261 1782 conatur

163 1798 218 1848 dem
229 1796 372 1858 inciderint,
387 1815 416 1860 1,
429 1802 488 1851 484.
502 1797 581 1862 Vulgo
595 1797 694 1848 lenam
728 1800 782 1848 iuos
792 1808 817 1848 et
828 1797 969 1848 intentiones
981 1807 1033 1858 arte
1042 1797 1183 1862 occultare,
1197 1795 1259 1851 idid.

163 1865 383 1932 ignoscendum,si
400 1865 509 1916 fraudem
528 1863 694 1914 hereticorum
731 1870 788 1916 144,
1042 1898 1045 1906 -
1107 1887 1111 1896 ·
1217 1917 1220 1923 ,

163 1930 694 2049 eenzrsrmerrra
729 1927 1261 2066 „nicensem-fraerarr
1341 1973 1342 1978 ψ

623 2033 629 2046 ·
911 2033 918 2058 s

164 2081 290 2116 maumam
302 2064 377 2132 legen
387 2063 485 2123 nemini,
496 2063 628 2128 quamlibet
638 2079 695 2112 rus·
730 2064 760 2113 de
772 2079 841 2115 causa
852 2063 982 2128 institutus,
997 2081 1019 2126 1,
1033 2069 1091 2117 144.
1155 2032 1162 2059 ’

164 2131 213 2182 tien
228 2140 255 2181 et
267 2130 378 2192 indocte,
392 2131 500 2196 ignorare
519 2127 619 2190 licebat,
632 2128 694 2180 istd,
755 2137 899 2182 dammum
921 2131 1066 2182 sacerdotale
1099 2129 1174 2198 regali
1195 2147 1260 2198 pne-

162 2199 238 2249 dlulla
251 2197 289 2246 lex
298 2207 377 2261 estat,
387 2213 441 2264 qun
452 2195 591 2246 criminibus
598 2211 627 2246 eu
635 2195 695 2260 juris
730 2198 829 2248 stantius
842 2214 871 2248 ae
884 2197 1024 2264 perfectius,
1045 2215 1071 2258 1,
1087 2202 1145 2250 390.
1163 2199 1261 2264 Imperii

164 2264 297 2330 ignorarma
322 2264 452 2316 commissis
467 2261 613 2329 opituletur,
631 2262 693 2314 ittet
731 2264 937 2328 ecclesiasticique
949 2265 1025 2328 major
1039 2263 1149 2329 dignitas,
1162 2279 1192 2313 eo
1204 2261 1261 2314 mass

163 2331 214 2396 Qui
226 2331 322 2383 amne
339 2331 430 2382 haedis
442 2329 579 2380 auctoribus
594 2328 696 2379 seieatm
729 2329 768 2394 jus
779 2329 910 2397 periculum
926 2339 977 2390 est,
991 2329 1053 2380 ibid.
1070 2331 1112 2384 88.
1130 2330 1261 2406 Imperium

166 2397 382 2459 mmdederunt,
391 2395 696 2461 misuseaemahilesquan
731 2401 905 2458 Romanorum,
916 2403 970 2444 ante
982 2393 1109 2444 adventum
1122 2393 1225 2459 Christi,
1235 2395 1262 2448 in

166 2465 208 2530 qui
217 2479 247 2514 ex
258 2464 390 2529 ignoranda
402 2464 484 2514 iisdem
496 2477 618 2522 assensum
629 2478 696 2528 prm-
731 2462 800 2512 unius
812 2461 971 2528 principatum
982 2476 1030 2508 non
1042 2461 1111 2526 plane
1122 2461 1261 2578 devenerapl

165 2530 280 2592 mat,
292 2530 354 2582 met.
368 2536 427 2584 488.
731 2528 792 2580 ibid.
811 2531 868 2578 117.
887 2529 946 2580 num
962 2525 1067 2576 adventu
1087 2525 1174 2577 Christi
1191 2527 1234 2576 sim

165 2617 168 2628 ¹
200 2603 331 2660 quenis,
346 2597 464 2662 Philagrio
475 2594 620 2662 postulasti,
633 2593 696 2644 aeri·
731 2594 861 2659 ingressum
876 2601 910 2644 est
926 2609 932 2643 :
948 2609 1001 2643 eum
1015 2591 1201 2642 Christianorum
1218 2609 1261 2642 re-

164 2663 320 2715 eisrefatetur
328 2663 469 2730 Gregorius,
482 2678 528 2724 ιιι,
541 2667 584 2714 49.
731 2660 775 2710 bus
794 2661 964 2710 incrementum
987 2658 1058 2709 simut
1074 2659 1179 2726 accepit,
1197 2657 1259 2712 ibid.

200 2737 400 2782 merueram.
410 2729 582 2782 caramentes
590 2727 652 2780 hanc
658 2742 697 2776 re·
730 2725 771 2777 Ab
785 2735 866 2779 extera
877 2725 973 2776 natione
987 2733 1092 2776 vastatur
1100 2761 1108 2788 ,
1121 2726 1153 2774 ob
1169 2725 1260 2792 impro·

167 2807 207 2848 eet
218 2797 354 2864 Gregorius,
370 2815 406 2856 rr,
418 2801 476 2857 148,
492 2817 522 2847 v.
538 2799 579 2848 90.
731 2791 828 2844 hitatem
841 2792 1028 2843 Christianorum
1042 2801 1067 2840 et
1079 2791 1198 2857 rigentem
1214 2792 1261 2841 ad-

198 2863 696 2930 lamminarumbeptisminomemquere,
732 2876 814 2910 versus
838 2859 978 2909 Trinitatem
1002 2859 1168 2924 impietatem,
1199 2859 1262 2911 stru.

167 2947 206 2992 ιι,
215 2936 273 2984 998.
283 2925 357 2982 Varia
368 2929 526 2995 eternultiplex
534 2928 560 2978 ia
568 2927 695 2995 baptismo,
732 2932 792 2980 499.
803 2927 934 2994 Imperium
945 2935 968 2976 et
976 2923 1151 2992 philosophiam
1158 2925 1262 2977 inunum

162 2998 228 3050 idid.
242 3004 299 3049 864.
732 2992 795 3042 coire
809 3001 933 3059 oportere,
944 2991 1059 3040 sententia
1068 3001 1102 3040 est
1115 3008 1190 3059 pravo
1201 3007 1262 3042 eon-

201 3069 294 3114 lusco.
316 3062 362 3112 'Dei
383 3063 456 3112 Filius
477 3062 554 3126 imago
573 3060 650 3111 Patris
673 3069 697 3114 et
731 3057 1260 3126 silioaJulianiamicisusurpata,ibr'd.lii.

168 3129 291 3189 bonitatis,
306 3145 339 3187 11,
354 3133 412 3180 108.
425 3134 518 3186 Homo,
531 3129 576 3176 Dei
588 3137 697 3178 asarsuet
765 3127 865 3193 Imperii
884 3123 1022 3192 optimi'lcx
1044 3133 1079 3176 est
1100 3133 1164 3174 metu
1182 3125 1263 3192 potius

108 3236 114 3244 .
168 3195 270 3262 imagine
277 3202 391 3252 ornatus,
405 3195 465 3246 ibid.
483 3197 541 3244 285.
555 3197 635 3258 Imago
651 3193 698 3242 Dei
732 3197 804 3257 'quma
817 3209 843 3252 su
862 3191 938 3258 pliciis
947 3191 1067 3258 improbos
1076 3193 1200 3252 co'e'rcere,
1214 3209 1262 3256 ιιι,

168 3262 194 3312 in
206 3261 313 3324 homine,
321 3257 466 3327 spiraculum
477 3259 521 3308 Dei
531 3259 626 3322 corpori
636 3259 698 3309 insi·
733 3263 791 3312 306.
803 3210 935 3308 stoicorum
952 3257 1080 3324 imperium
1096 3257 1187 3323 aequale
1205 3259 1262 3308 nul-

170 3337 237 3392 tum,
247 3345 292 3378 sen
312 3327 389 3378 anima
407 3323 542 3383 rationalis,
559 3323 619 3376 rtid.
638 3327 697 3376 861.
733 3324 779 3377 iius
789 3324 899 3390 imperio,
909 3323 970 3374 ibid.
984 3329 1042 3385 348,
1054 3344 1083 3375 υ.
1093 3329 1138 3384 81,
1150 3333 1196 3376 ete.

169 3399 251 3460 Imago
259 3394 303 3445 Dei
311 3392 400 3443 anobis
408 3400 505 3458 accepta
513 3405 557 3440 nec
567 3389 697 3452 custoditas
767 3395 897 3439 Ιιιιιιιιι
911 3403 992 3440 omnes
1010 3391 1086 3452 delle,
1103 3401 1127 3440 et
1144 3391 1263 3445 neminem

187 3461 290 3510 uomodo
306 3457 411 3508 restituta
422 3495 430 3521 ,
441 3457 502 3510 idid.
517 3460 575 3508 816.
588 3456 699 3522 Imaginis
732 3453 860 3523 imperium
872 3455 990 3524 suscipere
1007 3473 1051 3524 par
1066 3457 1155 3508 malum
1167 3467 1218 3518 est,
1234 3475 1263 3522 ι,

169 3477 255 3578 divine
268 3527 433 3588 conservatio,
453 3536 509 3573 rere
527 3522 653 3583 nobilitas,
673 3540 697 3584 1,
733 3527 778 3578 84.
791 3523 960 3588 imperandum
969 3523 1071 3576 subditis
1081 3532 1194 3589 tanquam
1207 3539 1265 3574 con·

169 3597 228 3648 268.
247 3599 328 3658 Imago
347 3591 412 3642 nulla
429 3607 458 3642 ex
472 3588 541 3640 rebus
557 3588 641 3638 crealis
658 3605 699 3638 as·
734 3589 817 3649 servis,
831 3587 962 3644 611380.

168 3669 272 3726 sumpta,
288 3659 388 3710 Deitatis
400 3673 427 3710 ac
439 3655 561 3708 Trinitatis
575 3655 699 3706 veritatem
767 3659 899 3720 tarum,
907 3657 940 3705 ad
954 3655 1106 3720 excogitanda
1118 3653 1181 3704 mala
1192 3649 1265 3706 solent

168 3727 261 3794 assequi
273 3736 366 3793 potest,
378 3724 441 3778 ibid.
451 3727 510 3776 sut.
531 3787 532 3790 Ἴ
689 3771 691 3774 ,
735 3731 758 3772 et
770 3721 897 3788 ingeniosa,
909 3731 981 3788 alque
990 3721 1019 3772 ad
1030 3721 1120 3788 aliquid
1129 3719 1265 3790 aggredien-

183 3847 186 3854 ,
202 3793 320 3858 Ianagines
331 3792 501 3858 imperatorum
511 3787 606 3838 adorari
616 3787 698 3852 satire,
735 3786 792 3838 dum
810 3788 972 3849 miscendas,
989 3805 1016 3854 1,
1030 3791 1088 3840 415.
1101 3787 1166 3836 Paris
1177 3786 1265 3857 impie-

169 3877 218 3926 quo
231 3859 375 3910 errmarlatior
384 3858 441 3926 ipsis
455 3853 638 3923 imperatoribus
654 3872 699 3904 ve·
735 3855 843 3914 taliaest,
856 3857 894 3904 rel
902 3854 997 3906 sabellii
1011 3869 1076 3902 more
1085 3868 1197 3918 personas
1206 3852 1267 3902 divi·

170 3927 261 3976 neratio
271 3925 422 3988 redderetur,
437 3943 458 3986 ι,
478 3925 538 3976 119.
554 3921 620 3988 Quid
636 3922 700 3972 ima·
732 3935 776 3970 nas
796 3931 951 3986 connectere,
969 3920 1006 3968 vel
1020 3919 1072 3970 arti
1083 3918 1157 3970 instar
1165 3928 1266 3973 naturas

164 3991 263 4062 ginibrrp
272 3987 318 4042 illis
327 3992 490 4060 imperatores,
503 4004 546 4056 pro
555 4006 598 4040 suo
611 3989 700 4056 quique
735 3988 917 4058 distinguerem
929 4001 1053 4062 separare,
1066 4003 1089 4034 11
1099 3989 1176 4062 rm:
1186 3985 1267 4054 Multa

170 4055 269 4120 uteru,
283 4057 378 4129 appingi
389 4057 528 4126 gauderent,
537 4056 598 4111 aid.
719 4055 833 4116 ¹ierenda
842 4054 979 4122 priusquam
989 4049 1047 4104 alros
1059 4051 1188 4134 impietatis
1197 4051 1266 4107 dam·
