2960 4910
155 441 195 504 68
402 459 497 502 sunus
519 458 693 504 nenunssts
715 459 753 502 nr
776 455 1002 501 surtranurtcus

192 1139 315 1187 Essrsrrs
331 1151 388 1188 usos
407 1133 457 1186 sini
476 1134 689 1202 immodicns,1v,
725 1133 801 1184 dona
817 1131 1053 1184 Etbnioorumaltera
1064 1139 1188 1197 tempestas
1201 1130 1248 1180 ad-

159 1208 218 1266 143,
228 1220 251 1253 ν.
267 1207 326 1254 113.
724 1217 807 1252 susus
816 1199 942 1251 Ecclesiam
949 1197 1160 1259 excitatur3idest,
1168 1197 1249 1260 Arius,

192 1269 295 1319 Ecclesia
316 1267 415 1332 Christi,
431 1269 514 1320 eada·
533 1277 602 1320 retus
619 1268 690 1320 siuml
724 1267 786 1319 rard.
807 1264 912 1317 Ecclesia
930 1265 993 1314 unde
1010 1263 1118 1313 ludibriis
1133 1263 1249 1326 obnoxia,

119 1341 122 1348 '
160 1343 185 1384 et
201 1351 272 1398 nora,
295 1353 320 1398 ι,
344 1342 402 1388 133.
422 1340 446 1386 Δ
463 1333 558 1387 Christo
579 1343 605 1384 ut
625 1339 688 1397 Deo,
726 1351 747 1394 1,
759 1339 800 1386 68.
813 1333 904 1384 Probra
915 1348 943 1381 ac
955 1331 1071 1380 dedecore
1083 1330 1178 1395 allectis,
1189 1329 1250 1382 ibid.

159 1411 249 1468 ercam,
260 1412 286 1452 ut
297 1402 405 1466 bomine,
416 1402 554 1454 hereditate
563 1401 688 1468 acquisita,
725 1404 783 1452 483.
795 1397 837 1449 Ab
845 1399 874 1448 iis
882 1398 924 1464 qui
936 1398 981 1448 sub
990 1398 1078 1448 Ariana
1091 1396 1254 1463 persecutione

159 1467 223 1520 s'br'd.
249 1469 359 1520 sairiaco
377 1467 552 1536 propagationis
571 1470 621 1534 ejus
642 1468 690 1518 de-
725 1465 872 1544 tempnribus
883 1463 988 1515 obsecuti
1005 1472 1077 1526 sunt,
1090 1463 1151 1515 ibid.
1162 1469 1190 1513 Iu
1207 1467 1253 1513 Ec-

158 1533 269 1601 scriptio,
279 1533 341 1586 ibid.
354 1535 459 1586 Ecclesia
471 1535 515 1585 Dei
526 1535 607 1585 multis
617 1536 689 1585 sudo·
726 1535 807 1584 clesras
816 1540 907 1583 nostras
917 1532 982 1581 relat
995 1530 1071 1595 gravis
1080 1530 1177 1595 quidam
1189 1546 1253 1580 mor·

157 1599 224 1650 ribus
243 1611 267 1652 et
281 1602 396 1664 victimis,
413 1612 462 1653 tam
480 1611 534 1652 snte
557 1602 700 1663 Christum·
726 1599 769 1649 bus
781 1635 788 1661 ,
800 1599 947 1666 irrepserunt
957 1597 1020 1648 sesti
1031 1606 1054 1646 et
1066 1596 1209 1662 Pyrrheum,
1229 1606 1253 1646 et

157 1681 229 1730 quam
256 1679 309 1734 post
332 1668 467 1731 Christum,
487 1667 551 1718 cesis
573 1668 688 1730 collecta,
724 1665 902 1716 contradicendi
922 1664 1017 1714 libidine
1036 1662 1136 1713 excitata
1159 1663 1251 1728 lingua,

157 1732 220 1785 t'bs'd-
231 1739 289 1786 483.
303 1735 347 1784 Dei
359 1735 538 1784 tabernaculum
552 1731 622 1782 seriis
637 1733 689 1781 sir·
724 1729 785 1782 istd.
799 1738 859 1785 474.
872 1732 982 1782 Ecclesise
993 1737 1050 1796 quat
1062 1737 1087 1778 et
1100 1737 1194 1794 quantas
1206 1745 1253 1778 ca·

158 1806 235 1848 tutum
257 1801 400 1849 ornamentis
423 1808 603 1859 constructum,
624 1798 686 1850 ibid.
724 1796 851 1858 lemitstes,
860 1798 922 1848 ibid.

157 1870 216 1916 443.
231 1865 332 1913 Pulchra
349 1865 432 1924 vinea,
445 1882 483 1924 ιι,
498 1863 688 1915 ata.Vivs1rei
758 1864 871 1927 Ecclesia,
890 1864 935 1914 sub
951 1863 1048 1914 Juliano
1063 1865 1169 1928 Augusto
1186 1862 1253 1926 qussi

157 1929 236 1991 vinea,
245 1931 306 1980 ibid.
317 1935 376 1981 225.
386 1930 496 1980 Ecclesire
506 1929 576 1979 matri
588 1929 688 1981 Basilius
724 1929 795 1980 sidua
803 1966 811 1993 ,
821 1940 845 1981 et
857 1931 909 1980 uiro
928 1945 1018 1990 carens,
1031 1947 1052 1989 1,
1073 1933 1130 1981 106.
1145 1928 1254 1978 Ecclesise

156 1997 258 2070 Magnus
270 2004 345 2045 toturn
357 2011 382 2045 se
395 1995 466 2046 tradit
476 2033 483 2057 ,
493 1995 555 2046 ibid.
568 2001 626 2048 433.
639 2000 688 2047 Ec·
724 2013 810 2047 cruore
826 1997 973 2048 victimarum
987 2006 1012 2046 et
1026 1995 1213 2046 carissimorum
1223 1995 1254 2046 ab

156 2060 231 2110 clesue
243 2061 395 2112 fundamenta
408 2067 491 2113 Petrus
502 2061 527 2112 in
542 2062 612 2113 tidem
621 2080 688 2114 suam
724 2063 830 2114 Etbnicis
848 2064 967 2130 impletas,
983 2061 1027 2112 sub
1037 2066 1054 2112 J
1056 2062 1135 2112 uliano
1148 2061 1254 2128 impera-

156 2127 263 2196 sccepb,
276 2128 338 2180 ibid.
350 2133 407 2183 ssa.
421 2128 524 2179 Ecclesia
540 2144 626 2197 corpus
639 2139 688 2192 est,
724 2139 791 2192 tore,
807 2131 868 2182 ibid.
890 2135 946 2181 147,
969 2127 1076 2176 Ecclesiae
1095 2127 1167 2177 facies
1180 2145 1254 2194 quam

155 2195 223 2311 tit
240 2194 690 2315 tttltlttt‘lttltstlt
724 2192 1254 2326 ttttrttlttttbtllStsltl‘tt

219 2297 227 2324 s
295 2299 302 2312 ·
374 2299 382 2325 s
454 2301 461 2313 .

156 2325 231 2376 instar
243 2327 377 2395 compositae
389 2329 512 2394 cujusdam
524 2339 549 2380 et
568 2283 689 2398 inrequlllis
724 2328 808 2389 dirisa,
825 2345 859 2387 11,
875 2333 932 2378 171.

157 2391 252 2458 bellum,
269 2411 298 2445 ex
320 2396 430 2463 pluribus
447 2396 566 2463 variisque
584 2398 690 2448 moribus
758 2395 867 2446 Ecclesiae
880 2391 974 2454 throni,
992 2391 1023 2442 ab
1032 2392 1127 2444 Arianis
1140 2402 1192 2459 post
1207 2397 1254 2445 Se·

158 2462 323 2526 cnnstitutum,
337 2481 358 2525 1,
373 2468 414 2516 46.
425 2469 448 2514 Α
459 2464 574 2514 seditione
586 2465 688 2514 alienum
725 2463 843 2513 leuciense
861 2461 987 2511 concilium
1006 2460 1134 2526 occtspsti,
1149 2477 1177 2522 ι,
1194 2465 1252 2512 483.

158 2537 202 2588 sat,
218 2547 251 2592 11,
261 2534 319 2582 sat.
330 2530 379 2595 Qui
390 2530 504 2581 unitatem
516 2540 625 2581 evertunt
638 2540 690 2581 tan·
725 2528 830 2578 Ecclesia
849 2529 998 2578 Nazisnseua
1016 2543 1059 2575 cur
1071 2542 1125 2576 arcs
1139 2529 1191 2575 Noli
1208 2543 1254 2576 vo-

158 2609 231 2658 qusm
244 2597 355 2646 Ecclesiae
374 2597 438 2647 labes
449 2607 473 2647 et
493 2596 608 2662 pernicies
621 2595 689 2646 able·
725 2603 794 2655 cata,
811 2595 873 2646 idid.
890 2599 950 2647 410.
967 2593 1077 2642 Ecclesiae
1093 2593 1124 2641 ab
1139 2591 1255 2643 hereticis

160 2660 241 2724 gaudi.
255 2661 388 2714 10111637.
725 2668 861 2725 occupate,
873 2677 927 2709 cum
944 2659 1072 2724 Gregorius
1086 2659 1255 2710 Constantino-

193 2726 258 2790 Quid
276 2729 334 2777 ordo
357 2728 381 2778 in
399 2726 503 2777 Ecclesia
524 2723 643 2774 constituit
659 2724 689 2774 ad
725 2724 798 2790 polim
812 2725 843 2773 ad
859 2726 1015 2776 confutandos
1034 2725 1158 2776 hereticos
1173 2727 1255 2790 venit,

158 2792 230 2842 totius
244 2795 353 2843 Ecclesiae
365 2793 563 2851 concinnitatem,
575 2806 616 2852 ιι,
631 2797 689 2844 176.
726 2807 752 2852 ι,
767 2795 825 2844 505.
842 2793 964 2844 Adversus
979 2791 1106 2843 Ecclesiam
1118 2792 1255 2844 debacche-

160 2863 190 2908 Itt
201 2858 310 2908 Ecclesiis
324 2860 370 2908 hoc
389 2854 593 2914 lleusconstituit,
613 2866 639 2907 ut
650 2857 691 2909 alii
725 2866 765 2906 tur
783 2858 907 2908 Frisiorum
930 2858 1089 2924 (arianarum
1111 2859 1256 2926 mulierum)

159 2933 265 2987 pascant,
291 2925 331 2973 alii
351 2931 494 2987 pascantur,
515 2921 576 2971 mid.
598 2927 640 2972 2³.
661 2929 691 2973 In
726 2925 850 2983 exercitus,
865 2941 898 2982 ιι,
911 2927 969 2974 225.

160 2987 266 3038 Ecclesia
276 2988 353 3054 posuit
364 2992 428 3035 Deus
438 2985 540 3051 primum
552 2990 690 3053 apostotos,
760 2987 981 3054 Ecclesiteregeudte
992 2988 1219 3053 magnadiilicultas,
1232 3009 1255 3054 ι,

160 3064 218 3112 etc,
230 3070 263 3113 ιι,
274 3058 332 3110 176,
347 3058 404 3102 177.
415 3052 453 3101 Ad
465 3053 575 3103 Ecclesiae
586 3057 692 3121 regimen
727 3062 768 3109 46.
782 3055 852 3119 Quod
862 3070 917 3103 raro
926 3054 1025 3116 accidit,
1036 3056 1146 3106 Ecclesiae
1161 3058 1256 3108 lernou

161 3135 205 3187 psr
217 3117 303 3184 gradus
312 3128 348 3166 cst
366 3119 550 3184 ascendendum,
570 3138 592 3183 ι,
604 3126 646 3174 64.
662 3129 691 3173 ln
727 3132 771 3184 est,
782 3139 814 3182 ιι,
828 3125 886 3173 288.
900 3125 977 3170 Unam
987 3131 1081 3172 tautum
1091 3125 1201 3175 Ecclesie
1210 3126 1256 3176 uti·

161 3184 266 3237 Ecclesia
279 3184 365 3248 gradus
379 3186 458 3236 nullus
470 3203 559 3253 parvus
571 3199 615 3250 est,
628 3190 690 3242 ibid.
727 3190 817 3240 litatem
832 3187 864 3238 ob
879 3187 959 3238 oculos
974 3191 1109 3256 ponendam
1122 3191 1256 3259 spirituales

163 3257 205 3305 25.
219 3251 259 3302 Ad
272 3250 381 3300 Ecclesite
389 3252 559 3328 perlectionem
573 3255 692 3308 ministros
727 3255 830 3322 episcopi
848 3255 921 3321 probe
933 3256 1026 3318 sciunt,
1040 3259 1103 3310 isid.
1121 3264 1175 3310 110.
1191 3259 1255 3323 Qui-

162 3321 213 3386 ejus
221 3318 291 3382 vulgo
300 3316 449 3370 sublimiores
456 3337 507 3371 esse
516 3332 619 3389 oportet,
629 3323 691 3377 ubis!-
727 3323 782 3372 dam
790 3322 942 3388 Cappadoces
952 3324 1056 3374 Ecclesia
1068 3333 1143 3374 matre
1156 3324 1254 3390 indigui,

163 3391 205 3440 28.
255 3421 262 3429 ·
729 3406 756 3450 ι,
771 3394 830 3441 476.
849 3389 984 3440 Abscissum
1000 3391 1111 3442 Ecclesiae
1123 3391 1256 3452 membrum

197 3451 301 3504 Ecclesia
322 3450 353 3501 ab
374 3449 469 3500 Arianis
492 3467 521 3501 ex
543 3454 693 3505 multitudine
728 3455 867 3521 benigneac
882 3457 1256 3526 humanetractandurn,quare,

164 3520 271 3582 delinita,
291 3535 325 3581 ιι,
345 3522 402 3571 197.
418 3517 529 3567 Ecclesiae
548 3535 604 3633 pars
618 3522 693 3572 selec·
730 3539 767 3585 ιι,
780 3525 839 3575 255.

165 3588 223 3652 tior,
236 3602 360 3654 qaenam,
378 3601 412 3645 ιι,
426 3588 484 3636 410.
503 3588 550 3634 Ecc
559 3585 612 3635 esim
625 3603 694 3637 com·
763 3589 873 3640 Ecclesiae
885 3587 981 3652 throni,
994 3606 1042 3640 non
1056 3591 1200 3658 digniorum,
1213 3590 1255 3641 sed

165 3655 311 3721 plementum
321 3649 473 3704 sacerdotalis
483 3650 553 3713 ordo,
565 3669 587 3714 1,
597 3656 638 3704 24.
649 3658 695 3704 Ec-
729 3657 871 3722 plerumque
879 3657 1036 3722 potentiorum
1051 3667 1121 3719 sunt,
1137 3675 1176 3718 11,
1194 3663 1254 3712 413.

166 3720 236 3772 clesia
249 3720 433 3788 primitivorum,
443 3715 490 3765 hnc
503 3726 547 3777 est,
560 3717 694 3768 cisiumsu·
728 3723 839 3772 Ecclesia·
855 3722 966 3773 ministris
977 3724 1002 3774 in
1016 3724 1148 3791 exemplum
1165 3741 1208 3789 pro

166 3801 245 3850 pertire
262 3788 403 3846 decimalem,
423 3783 483 3836 ibid.
506 3787 564 3836 263.
585 3785 694 3835 Ecclesiae
729 3789 780 3837 sitae
789 3789 860 3854 leges,
873 3789 934 3842 ibid.
945 3789 1112 3840 Ecclesiasticae
1121 3790 1207 3856 reipub
1216 3792 1257 3842 icre

166 3854 269 3912 gentium
289 3872 332 3920 per
343 3854 430 3903 instrlas
447 3850 569 3900 innovatas
582 3850 613 3898 ab
632 3853 692 3900 Isnia
728 3853 788 3902 nibil
802 3856 894 3918 melius,
907 3872 977 3921 quam
993 3868 1017 3905 nt
1027 3858 1127 3923 quisque
1137 3858 1189 3922 paci
1201 3867 1256 3908 stu-

167 3917 307 3981 designato,
322 3938 353 3978 ιι,
369 3925 427 3970 471.
729 3919 793 3980 deat,
808 3938 828 3976 1,
843 3929 901 3974 510.

200 3985 304 4032 Ecclesia
318 3985 519 4048 persecutionibus
538 3981 651 4031 illustrior
670 3992 693 4031 ct
762 3986 865 4036 Ecclesia
878 4005 965 4054 corpus
976 3987 1072 4047 Christi,
1087 4005 1133 4050 ιιι,
1146 3995 1187 4041 63.
1201 3996 1257 4040 Pcr-

168 4043 312 4111 splendidior·
323 4050 392 4110 lucto,
412 4065 446 4108 ιι,
463 4054 502 4100 ts.
515 4055 567 4100 Post
581 4065 687 4116 persecu-
729 4053 889 4105 sccutiouibus
898 4053 981 4117 crevit,
996 4072 1033 4115 ιν,
1046 4059 1105 4115 603,
1116 4075 1145 4108 υ.
1157 4062 1200 4119 49,
1214 4063 1254 4111 50.
