3000 4912
359 459 389 498 ru
411 455 507 500 ouum
529 455 631 500 ornae
655 455 681 498 s.
705 453 854 498 eaaooarr
874 415 1043 498 ruuouom.
1190 434 1250 498 169

152 559 211 607 495.
229 554 296 605 Pacis
312 563 337 604 et
351 555 483 604 concordia
499 556 585 604 bonum
603 553 682 603 omnia
719 558 757 602 Ira
773 552 815 602 tibi
828 551 941 604 adversus
954 561 1088 617 serpentem
1097 551 1174 622 solum
1186 550 1250 602 exis·

153 621 299 686 praedicant3
311 621 413 670 mundus
424 622 525 687 partium
535 638 632 670 suarum
642 637 681 668 ur·
719 629 769 680 tat,
784 636 826 685 per
836 635 907 684 quem
919 617 1042 681 excidisti,
1053 617 1114 670 ibid.
1132 623 1159 666 ln
1177 633 1249 684 para-

152 687 208 737 dine
225 697 297 753 atque
316 698 447 748 concentu,
460 687 521 740 ibid.
542 691 600 740 446.
618 688 682 738 Anni
721 686 772 735 diso
781 685 873 751 decepti
885 684 982 747 fuimus,
996 685 1110 749 quoniam
1119 683 1262 734 commodis

153 763 304 822 tempestates
321 755 366 804 sibi
382 755 481 804 invicem
495 754 588 820 placide
597 771 683 805 succe-
719 753 914 802 nostrisiuvisum
928 760 971 813 est,
988 751 1049 802 ibid.
1061 755 1119 804 504.
1130 755 1196 819 Opus
1205 750 1250 800 ha·

152 821 251 883 dentes;
261 821 311 870 dies
322 831 347 871 et
358 837 420 882 uox,
437 821 498 872 ibid.
510 825 567 872 447.
579 819 683 888 Alieque
720 819 814 869 buimus
825 823 877 868 Deo
890 817 931 886 qui
942 827 1085 880 moreretur,
1095 826 1122 867 ut
1133 818 1249 880 vivamus,

152 889 281 954 permulta,
299 889 360 939 ibid.
381 891 482 938 Necnon
494 898 517 937 et
531 888 581 954 ipsa
601 904 683 938 rerum
719 885 781 937 ibid.
792 891 837 936 Per
849 883 1050 950 scientialignum
1062 883 1140 935 minus
1149 885 1255 951 temperi

152 953 295 1004 naturalium
307 955 464 1021 perturbatio,
477 954 540 1005 ibid.
555 959 613 1005 447.
625 954 683 1003 Rei·
719 953 767 1020 tire
785 961 939 1020 perceptum,
955 967 970 1000 a
986 951 1040 1001 vita
1054 950 1118 1017 ligno
1133 951 1252 1001 exturbati

154 1020 254 1087 publica
272 1021 343 1070 etiam
364 1021 497 1070 christiane
517 1020 577 1069 nihil
599 1021 684 1070 mebus
719 1036 871 1081 sumus‚1r,
890 1023 948 1071 480.
967 1017 1063 1068 Diaboli
1081 1016 1170 1068 invidia
1187 1033 1252 1068 mors

152 1103 224 1153 quam
234 1087 298 1153 pacis
309 1087 415 1148 bouum,
429 1087 490 1138 ibid.
509 1093 566 1139 510.
583 1087 623 1138 Ad
637 1103 683 1153 pa·
720 1088 744 1135 iu
760 1087 876 1136 mundum
892 1084 1003 1146 intravit,
1023 1083 1193 1150 hominemque
1208 1100 1253 1152 per

153 1170 204 1204 cem
225 1164 249 1203 et
267 1155 418 1218 concordiam
435 1154 596 1202 israelitarum
616 1153 684 1204 malis
719 1152 828 1202 fraudem
848 1152 922 1201 illexit
942 1167 970 1200 ao
991 1151 1163 1215 circumvenit,
1187 1151 1250 1204 ibid.

153 1220 243 1271 erudiri
252 1236 295 1270 nos
304 1229 407 1286 oportet,
418 1219 479 1270 ibid.
493 1223 552 1270 448.
564 1224 594 1269 Ut
604 1219 685 1270 omnia
720 1226 777 1272 trs.
796 1219 822 1269 Si
840 1218 906 1284 quod
923 1233 1017 1266 eramus
1033 1217 1253 1285 permansissemus,

154 1302 212 1352 pace
222 1296 409 1346 conservantur,
421 1285 453 1334 ita
466 1285 567 1334 dissidiis
577 1286 685 1336 funditus
720 1302 748 1335 ac
761 1295 878 1352 praecepto
890 1285 1062 1352 paruissemus,
1073 1284 1151 1334 allecti
1163 1284 1252 1335 luisse-

154 1352 381 1414 evertuntur,ibid.
396 1357 480 1401 Pacem
493 1353 614 1402 absentem
625 1353 684 1418 qui·
721 1369 773 1402 mus
789 1352 854 1418 quod
869 1367 917 1400 non
934 1366 1045 1412 eramus,
1063 1349 1210 1400 immortales
1228 1362 1253 1402 et

154 1418 199 1468 bus
218 1419 328 1484 lacrymis
338 1431 340 1437 ’
349 1427 443 1468 revocet
461 1420 603 1484 Gregorius,
622 1421 683 1472 ibid.
721 1424 773 1469 Deo
783 1418 969 1484 conjunctiores,
982 1416 1046 1469 ibid.
1058 1419 1155 1477 Nemo,
1168 1418 1262 1486 saltem¹

154 1490 214 1540 498.
226 1485 292 1538 Vide
301 1491 396 1546 incon,
407 1489 500 1534 strn.
566 1520 570 1530 .
721 1487 746 1536 in
757 1494 842 1536 natura
852 1483 1003 1550 generatione
1013 1493 1148 1548 procreata,
1157 1483 1254 1534 omniuo

188 1557 303 1601 Paccius
311 1552 413 1602 hominis
424 1562 468 1612 est,
479 1568 566 1617 quare,
576 1569 615 1614 11,
625 1557 683 1605 901.
721 1569 735 1602 a
748 1552 817 1602 sorde
830 1567 904 1618 purus
916 1558 961 1612 est,
974 1567 996 1612 1,
1009 1555 1066 1602 995.

153 1617 216 1668 Fieri
228 1635 276 1668 non
285 1629 363 1685 potest
377 1619 435 1684 quin
447 1619 536 1684 aliquid
548 1635 694 1686 peccemus,⁸
755 1619 848 1671 Peccati
861 1616 979 1683 originalis
991 1616 1105 1682 premia,
1123 1632 1145 1678 1,
1161 1621 1211 1668 449
1228 1629 1255 1668 et

155 1694 182 1734 ut
193 1684 311 1747 homines,
327 1704 348 1750 1,
363 1691 421 1738 515.
721 1705 793 1760 seqq.
812 1685 884 1735 Malae
905 1682 1046 1750 cupiditates
1065 1699 1093 1732 ex
1115 1682 1192 1748 primo
1212 1681 1254 1732 illo

187 1757 326 1801 Paccaroa.
334 1752 408 1802 Varia
416 1761 567 1818 peccatorum
576 1752 684 1818 ingenia:
721 1763 800 1818 gustu,
811 1751 851 1817 qui
860 1750 928 1801 nobis
941 1750 1064 1800 interitum
1077 1749 1167 1811 attulit,
1176 1749 1254 1815 origi·

154 1817 205 1880 alii,
216 1819 325 1868 servilem
335 1819 361 1870 in
373 1821 469 1868 modum
480 1856 487 1881 ,
500 1828 623 1886 peccatum
631 1819 685 1870 sui·
721 1835 775 1868 nem
789 1827 925 1879 traxerunt,
936 1817 997 1868 ibid.
1012 1820 1069 1868 547.
1087 1816 1254 1880 Quemadmo-

154 1884 274 1948 lurantur,
285 1903 305 1947 ι,
317 1891 358 1936 93.
369 1887 418 1934 atii
427 1886 588 1935 exornationes
597 1887 621 1935 in
631 1903 686 1953 pec·
721 1886 779 1934 dum
798 1885 909 1934 mandato
921 1900 1005 1950 parere
1024 1882 1201 1944 recusavimus,
1219 1882 1253 1932 ita

155 1951 212 2000 catis
223 1961 334 2000 excusant
341 1989 348 2014 ,
361 1951 423 2002 ibid.
434 1953 482 2002 Alii
492 1969 562 2001 aures
574 1969 627 2003 suas
638 1954 685 2003 ob-
722 1952 820 2002 licentia
833 1951 919 2001 erroris
936 1949 1015 2000 traditi
1030 1965 1128 2009 sumus,
1141 1966 1181 2014 ιι,
1195 1953 1253 2001 481.

155 2025 262 2074 struunt,
271 2017 429 2083 nesapientiae
440 2019 550 2067 remediis
561 2034 685 2083 curentur,
721 2019 805 2069 Omnis
814 2018 905 2084 generis
914 2017 1027 2067 vitiorum
1040 2016 1107 2066 sedes
1118 2015 1198 2066 eflecti
1211 2033 1252 2066 su·

155 2082 218 2134 ibid.
244 2089 383 2144 Postremo,
409 2084 451 2150 qui
472 2086 562 2148 majore
588 2086 687 2136 audacia
722 2102 788 2147 mus,
801 2085 863 2138 ibid.
880 2085 1047 2147 Videbam,
1067 2087 1132 2146 Eva,
1151 2088 1254 2134 Patruus

156 2158 226 2210 sunt,
241 2149 306 2199 nudo
318 2151 409 2216 capite,
421 2160 447 2200 ut
456 2161 491 2200 est
504 2151 528 2198 iu
545 2153 685 2215 proverbio,
724 2169 803 2201 nomo.

156 2216 181 2264 in
197 2215 312 2281 flagitium
330 2233 400 2267 omne
427 2226 603 2284 prorumpunt,
623 2219 684 2269 ibid.
756 2223 893 2278 Peccatum,
906 2216 993 2267 Christi
1004 2226 1092 2279 morte,
1103 2215 1166 2283 ligno
1178 2216 1254 2266 crucis

156 2283 241 2332 Gravis
253 2283 283 2332 ed
302 2299 342 2334 eos
361 2300 443 2333 omues
461 2282 605 2345 admonitio,
624 2285 685 2336 ibid.
722 2283 819 2334 affixum
829 2292 901 2344 est,1,
915 2287 972 2335 548.
979 2287 1040 2334 Ειιιιι
1049 2285 1104 2333 vitae
1113 2293 1201 2333 statum
1212 2285 1255 2350 qui

157 2353 293 2399 Peccatores
303 2367 316 2398 a
330 2351 446 2416 Gregorio
456 2366 502 2400 non
515 2351 618 2416 recepti,
632 2367 686 2400 crim
722 2351 788 2400 omui
799 2365 895 2416 prorsus
907 2358 1005 2414 peccato
1016 2358 1122 2409 vacaret,
1132 2353 1197 2398 Deus
1209 2366 1255 2399 su-

117 2425 120 2432 ’
156 2425 250 2481 patrato
269 2416 362 2465 crimini
375 2433 456 2482 parem
470 2417 687 2466 vitmemendatio-
724 2416 989 2483 pralrumanaeuaturae
1004 2415 1100 2464 modum
1114 2414 1255 2476 constituit,

157 2498 211 2532 nem
224 2499 271 2532 non
281 2482 399 2544 afferunt,
415 2500 453 2544 11,
463 2487 521 2536 494.
533 2485 598 2532 Veie
608 2483 687 2548 poeni·
723 2484 784 2535 ibid.
800 2488 858 2534 404.
876 2482 919 2532 uei
937 2480 1008 2531 solius
1027 2491 1063 2530 est
1078 2479 1144 2529 omni
1157 2489 1256 2546 peccato

150 2549 261 2600 ‘tentibus
279 2550 459 2600 convenientem
477 2551 554 2599 locum
571 2549 688 2616 assignat,
723 2566 824 2610 vacare,
838 2567 878 2610 ιι,
892 2551 951 2601 440.
966 2547 1059 2610 Peccati
1070 2547 1107 2596 vel
1117 2546 1166 2612 ipse
1175 2547 1257 2612 suspi-

156 2615 220 2666 tbid.
266 2641 267 2644 ¹
723 2617 761 2667 cio
770 2616 974 2678 cavenda‚1,2³.
986 2613 1079 2665 Peccati
1090 2613 1256 2678 iuga,magna

191 2687 341 2733 Peccatorem
360 2689 424 2734 Deus
441 2683 515 2749 plagis
533 2692 558 2732 et
575 2682 643 2732 bonis
659 2683 689 2733 ad
726 2683 775 2732 vitii
788 2683 922 2743 medicina,
936 2683 998 2734 ibid.
1014 2688 1071 2733 977.
1091 2686 1119 2730 ln
1132 2688 1256 2745 peccatum
1276 2709 1277 2712 ι

159 2745 233 2797 vitam
244 2759 356 2809 revocat,
372 2765 416 2812 rr,
432 2756 497 2811 979,
510 2768 532 2800 ν.
551 2755 616 2812 189,
630 2755 688 2803 190.
725 2749 799 2799 relabi
809 2766 881 2816 quam
896 2749 1064 2814 periculosum,
1075 2765 1110 2811 11,
1120 2750 1179 2799 949.
1191 2747 1258 2798 Vide

158 2813 238 2865 Ploret
257 2818 383 2882 peccbtor;
406 2833 480 2866 uuum
503 2815 551 2866 hoc
573 2816 690 2883 peccatori
725 2820 857 2866 Crcararx.
880 2821 980 2866 Peccata
1002 2815 1106 2880 duplicia
1126 2813 1157 2862 de
1184 2829 1257 2864 mauu

158 2882 304 2945 remedium,
323 2883 385 2934 ibid.
406 2887 469 2943 989,
490 2901 512 2930 ν.
534 2887 574 2934 14.
590 2887 691 2950 Propter
725 2883 822 2933 Domini
834 2881 982 2944 tribuuntur,
995 2900 1016 2945 1,
1029 2887 1088 2935 965.

158 2957 294 3012 peccatores
310 2949 418 3000 Christus
434 2959 544 2999 naturam
561 2950 690 3000 humanam
759 2955 899 3007 Peccatum,
918 2948 997 3014 quid?
1012 2965 1056 3011 tv,
1067 2953 1112 3002 151
1124 2982 1132 3009 ,
1146 2949 1210 3010 154,
1225 2968 1255 3000 v.

158 3016 293 3083 assumpsit,
306 3025 329 3065 et
339 3028 446 3068 mortuus
455 3025 504 3078 est,
514 3016 575 3068 ibid.
590 3023 654 3076 445,
666 3035 689 3067 ν.
727 3021 789 3077 174,
811 3021 868 3067 179.
894 3020 1020 3065 Peccatum
1042 3015 1113 3081 primi
1134 3013 1257 3078 hominis,

160 3085 218 3132 104.
233 3083 401 3132 Peccatoribus
417 3099 528 3160 saperes
540 3085 641 3149 septenis
651 3083 690 3134 vi·
725 3083 786 3134 ibid.
802 3087 861 3142 970,
872 3102 902 3134 v.
914 3088 962 3143 99;
975 3087 1034 3144 498,
1047 3102 1077 3133 v.
1090 3087 1147 3133 945.
1161 3083 1256 3132 Peccati

160 3146 228 3196 cibus
247 3147 352 3216 repetitis
365 3159 487 3215 pepercit,
506 3149 568 3200 ibid.
588 3155 648 3210 446,
665 3169 688 3201 ν.
725 3149 869 3214 principium
880 3166 894 3198 a
907 3149 976 3198 nobis
986 3149 1069 3210 fluxit3
1083 3149 1258 3200 incrementum

162 3216 220 3273 141,
234 3218 289 3265 144.
424 3265 431 3269 ,
726 3216 863 3272 adiabolo,
879 3231 931 3276 ιιι,
944 3221 1009 3276 950,
1026 3235 1055 3267 v.
1063 3222 1114 3270 .51.
1131 3219 1257 3266 Peccatum

194 3285 328 3330 Psccsrms
346 3280 468 3346 originale.
488 3279 562 3330 Primi
588 3279 691 3332 bominis
726 3281 836 3347 originis,
847 3281 960 3330 damnum
971 3298 1063 3348 semper
1075 3297 1102 3332 ex
1117 3283 1206 3332 recenti
1216 3298 1258 3332 se-

161 3357 294 3414 peccatum,
305 3347 356 3398 vitii
368 3348 444 3408 radix,
456 3363 484 3396 ex
493 3362 541 3411 qua
549 3347 623 3396 multa
634 3365 690 3414 pec·
726 3347 790 3396 mine
803 3347 920 3397 virescens
931 3385 937 3409 ,
948 3347 979 3398 ab
991 3349 1085 3399 Adamo
1095 3365 1110 3398 a
1121 3366 1169 3415 quo
1187 3349 1258 3400 totius

160 3423 212 3464 cata
226 3415 387 3480 pullularunt,
401 3433 440 3475 ιι,
453 3419 511 3465 409.
525 3413 632 3462 Adamus
646 3413 692 3464 sibi
726 3413 855 3480 iniquitatis
867 3413 931 3478 spica
947 3414 971 3464 in
982 3415 1079 3465 miseros
1097 3415 1206 3464 homines
1222 3425 1258 3465 est

161 3490 184 3529 et
197 3481 297 3546 posteris
313 3481 398 3532 coelum
414 3482 543 3545 clauserat,
556 3479 616 3530 ibid.
630 3484 689 3534 489.
726 3491 864 3547 propagata,
877 3481 938 3532 ibid.
953 3487 1012 3544 969,
1023 3501 1049 3534 υ.
1063 3487 1120 3543 148,
1136 3485 1192 3532 149.
1206 3485 1258 3531 Va·

160 3551 239 3596 Homo
251 3546 341 3598 invidia
356 3547 444 3597 diaboli
456 3556 527 3612 atque
537 3545 623 3596 acerbo
637 3564 691 3612 pec·
725 3547 767 3596 ria.¹
781 3548 871 3614 peccati
889 3547 1007 3613 originalis
1027 3548 1065 3598 vel
1083 3548 1176 3596 levioris
1193 3547 1257 3597 ima-

161 3614 207 3663 cati
216 3624 303 3679 gustu,
316 3631 331 3666 a
345 3619 396 3664 Deo
407 3615 491 3666 misere
501 3622 639 3680 separatus,
651 3632 691 3677 ιι,
726 3615 800 3679 gircea,
813 3615 874 3666 ibid.
889 3619 956 3675 450,
971 3636 1001 3666 v.
1015 3618 1056 3666 48.
1071 3616 1196 3663 Peccatum
1211 3629 1257 3662 una

161 3683 219 3732 485.
233 3685 314 3731 Genus
329 3692 452 3743 nostrum,
466 3689 564 3746 propter
580 3680 630 3729 vitii
647 3697 692 3730 ac·
727 3681 852 3742 modestia,
867 3699 911 3742 ιιι,
922 3685 981 3733 444.
994 3679 1061 3732 Nihil
1071 3679 1159 3729 ioedum
1174 3688 1258 3744 prater

161 3762 268 3806 cessum,
288 3763 302 3797 a
317 3746 380 3797 bono
392 3747 543 3797 deturbatum
555 3755 627 3811 atque
645 3747 692 3798 de·
727 3759 849 3814 peccatum
861 3785 868 3811 ,
880 3747 941 3799 ibid.
959 3751 1018 3806 374,
1032 3766 1062 3798 v.
1075 3753 1116 3800 65.
1132 3751 1258 3796 Peccatum

159 3814 249 3878 jectum
259 3849 274 3879 ‚¹
288 3813 350 3865 ibid.
369 3820 394 3867 9.
413 3818 491 3863 Homo
509 3822 573 3863 totus
591 3813 692 3877 cecidit,
707 3838 713 3842 -
726 3831 769 3864 uos
786 3819 862 3865 aDeo
871 3823 964 3878 separat
975 3850 982 3875 ,
995 3814 1057 3865 ibid.
1072 3817 1137 3872 484,
1154 3833 1185 3864 v.
1201 3819 1257 3866 184.

162 3889 234 3944 atqtre
247 3880 279 3929 ob
298 3879 370 3946 primi
386 3880 490 3930 hominis
508 3879 693 3931 inobedientiam
727 3885 781 3946 Quo
791 3883 871 3948 plures
880 3888 936 3930 sunt
945 3879 1000 3928 vitm
1010 3879 1069 3944 dies,
1081 3897 1109 3928 eo
1120 3880 1188 3946 plura
1197 3895 1258 3928 cou-
1276 3875 1279 3882 '

162 3954 187 3994 et
199 3946 287 3996 diaboli
298 3947 405 3997 fraudem
421 3947 590 3997 condemnatus
602 3957 653 4008 est,
667 3965 691 4009 1,
727 3947 854 3998 trahuntur
871 3955 982 4012 peccata,
1000 3945 1060 3996 ibid.
1080 3951 1146 4007 488,
1167 3967 1196 3998 υ.
1215 3951 1257 3998 66.

163 4016 221 4064 508.
233 4013 336 4063 Pulcher
353 4024 405 4064 erat
422 4013 453 4063 ad
463 4025 583 4080 aspectum
603 4013 694 4064 fructus
727 4015 819 4078 Quibus
842 4012 943 4080 peccatis
967 4012 1034 4061 venia
1055 4013 1188 4074 debeatur,
1214 4030 1257 4075 rr,

162 4077 203 4128 ille
220 4080 262 4145 qui
275 4080 333 4130 mihi
343 4090 444 4132 mortem
462 4080 557 4143 attulit,
578 4098 622 4144 11,¹
634 4086 691 4135 476.
727 4086 791 4146 107,
805 4102 836 4134 v.
851 4083 910 4133 450.
929 4079 975 4130 Dei
991 4079 1063 4132 solius
1080 4089 1116 4130 est
1133 4095 1180 4130 non
1199 4096 1258 4147 pec·
1317 4079 1319 4083 '
